% BibTex

@book{MIT,
  author = {Marco Dorigo, Thomas St√ºtzle},
  title  = {Ant Colony Optimization},
  year   = {2004}
}

@misc{IACSIT,
  author = {Zar Chi Su Su Hlaing, May Aye Khin},
  title  = {Solving Traveling Salesman Problem by Using Improved Ant Colony Optimization Algorithm},
  year   = {2011}
}

@misc{Jishou,
  author = {Xuan-Shi Yao},
  title  = {TSP Solving Utilizing Improved Ant Colony Algorithm},
  year   = {2021}
}